@ARTICLE{Wilhelmsen2017,
  author = {Wilhelmsen, {\O}. and Aasen, A. and Skaugen, G. and Aursand, P. and Austegard, A. and Aursand, E. and Gjennestad, M. and Lund, H. and Linga, G. and Hammer, M.},
  doi = {10.1021/acs.iecr.7b00317},
  issn = {15205045},
  journal = {Ind. Eng. Chem. Res.},
  pages = {3503-3515},
  number = {13},
  title = {{Thermodynamic Modeling with Equations of State: Present Challenges with Established Methods}},
  volume = {56},
  year = {2017}
}

@misc{sinecosine_webpage,
  title = {Webpage with information about Sine and Cosine transforms},
  year = {2022},
  howpublished = {\url{https://www.wikiwand.com/en/Discrete_cosine_transform#}}
}


@misc{ThermopackGithub,
  author = {SINTEF},
  title = {Thermopack},
  year = {2022},
  publisher = {GitHub},
  journal = {GitHub repository},
  howpublished = {\url{https://github.com/SINTEF/thermopack}}
}