
@article{boublik1970,
  title = {Hard-{{Sphere Equation}} of {{State}}},
  author = {Boubl{\'i}k, Tom{\'a}{\v s}},
  year = {1970},
  month = jul,
  journal = {J. Chem. Phys.},
  volume = {53},
  number = {1},
  pages = {471--472},
  issn = {0021-9606, 1089-7690},
  doi = {10/bjgkjg},
  langid = {english},
  file = {C\:\\Users\\morteham\\Zotero\\storage\\K9653568\\Boublík - 1970 - Hard‐Sphere Equation of State.pdf}
}

@article{carnahan1969,
  title = {Equation of {{State}} for {{Nonattracting Rigid Spheres}}},
  author = {Carnahan, Norman F. and Starling, Kenneth E.},
  year = {1969},
  month = jul,
  journal = {J. Chem. Phys.},
  volume = {51},
  number = {2},
  pages = {635--636},
  issn = {0021-9606, 1089-7690},
  doi = {10/dqntps},
  langid = {english},
  file = {C\:\\Users\\morteham\\Zotero\\storage\\ZEQYSAEB\\Carnahan and Starling - 1969 - Equation of State for Nonattracting Rigid Spheres.pdf}
}

@article{demiguel2006,
  title = {Detailed Examination of the Calculation of the Pressure in Simulations of Systems with Discontinuous Interactions from the Mechanical and Thermodynamic Perspectives},
  author = {De Miguel, Enrique and Jackson, George},
  year = {2006},
  month = nov,
  journal = {Mol. Phys.},
  volume = {104},
  number = {22-24},
  pages = {3717--3734},
  issn = {0026-8976, 1362-3028},
  doi = {10/bnhzp9},
  langid = {english},
  file = {C\:\\Users\\morteham\\Zotero\\storage\\5ZVCC7KX\\De Miguel and Jackson - 2006 - Detailed examination of the calculation of the pre.pdf}
}

@article{fantoni2011,
  ids = {fantoni2011a,fantoni2011b},
  title = {Nonadditive Hard-Sphere Fluid Mixtures: {{A}} Simple Analytical Theory},
  shorttitle = {Nonadditive Hard-Sphere Fluid Mixtures},
  author = {Fantoni, Riccardo and Santos, Andr{\'e}s},
  year = {2011},
  month = oct,
  journal = {Phys. Rev. E},
  volume = {84},
  number = {4},
  pages = {041201},
  issn = {1539-3755, 1550-2376},
  doi = {10/dt5kxq},
  langid = {english},
  file = {C\:\\Users\\morteham\\Zotero\\storage\\DNEHISKU\\Fantoni and Santos - 2011 - Nonadditive hard-sphere fluid mixtures A simple a.pdf;C\:\\Users\\morteham\\Zotero\\storage\\L92GCWK8\\Fantoni and Santos - 2011 - Nonadditive hard-sphere fluid mixtures A simple a.pdf;C\:\\Users\\morteham\\Zotero\\storage\\SE53SKEF\\Fantoni and Santos - 2011 - Nonadditive hard-sphere fluid mixtures A simple a.pdf}
}

@article{hamad1996,
  ids = {hamad1996a},
  title = {Contact Pair Correlation Functions and Equation of State for Nonadditive Hard-sphere Mixtures},
  author = {Hamad, Esam Z.},
  year = {1996},
  month = aug,
  journal = {J. Chem. Phys.},
  volume = {105},
  number = {8},
  pages = {3222--3228},
  issn = {0021-9606, 1089-7690},
  doi = {10/dtrp5x},
  langid = {english},
  file = {C\:\\Users\\morteham\\Zotero\\storage\\HLJ26IN5\\Hamad - 1996 - Contact pair correlation functions and equation of.pdf;C\:\\Users\\morteham\\Zotero\\storage\\LSQP94GU\\Hamad - 1996 - Contact pair correlation functions and equation of.pdf}
}

@article{hansen-goos2006,
  ids = {hansen-goos2006b},
  title = {A New Generalization of the {{Carnahan-Starling}} Equation of State to Additive Mixtures of Hard Spheres},
  author = {{Hansen-Goos}, Hendrik and Roth, Roland},
  year = {2006},
  month = apr,
  journal = {J. Chem. Phys.},
  volume = {124},
  number = {15},
  pages = {154506},
  issn = {0021-9606, 1089-7690},
  doi = {10/bvffzp},
  langid = {english},
  file = {C\:\\Users\\morteham\\Zotero\\storage\\BW4ITBW2\\Hansen-Goos and Roth - 2006 - A new generalization of the Carnahan-Starling equa.pdf;C\:\\Users\\morteham\\Zotero\\storage\\NPBJCIB5\\Hansen-Goos and Roth - 2006 - A new generalization of the Carnahan-Starling equa.pdf}
}

@article{henderson1984,
  title = {On the Interface between a Fluid and a Planar Wall: {{Theory}} and Simulations of a Hard Sphere Fluid at a Hard Wall},
  shorttitle = {On the Interface between a Fluid and a Planar Wall},
  author = {Henderson, J.R. and {van Swol}, Frank},
  year = {1984},
  month = mar,
  journal = {Mol. Phys.},
  volume = {51},
  number = {4},
  pages = {991--1010},
  issn = {0026-8976, 1362-3028},
  doi = {10/b39j8c},
  langid = {english},
  file = {C\:\\Users\\morteham\\Zotero\\storage\\FQKI7NJ6\\Henderson and van Swol - 1984 - On the interface between a fluid and a planar wall.pdf}
}

@article{heni1999,
  title = {Interfacial Free Energy of Hard-Sphere Fluids and Solids near a Hard Wall},
  author = {Heni, Martin and L{\"o}wen, Hartmut},
  year = {1999},
  month = dec,
  journal = {Phys. Rev. E},
  volume = {60},
  number = {6},
  pages = {7057--7065},
  issn = {1063-651X, 1095-3787},
  doi = {10/c57dg8},
  langid = {english},
  file = {C\:\\Users\\morteham\\Zotero\\storage\\ZZMH35E5\\Heni and Löwen - 1999 - Interfacial free energy of hard-sphere fluids and .pdf}
}

@article{mansoori1971,
  title = {Equilibrium {{Thermodynamic Properties}} of the {{Mixture}} of {{Hard Spheres}}},
  author = {Mansoori, G. A. and Carnahan, N. F. and Starling, K. E. and Leland, T. W.},
  year = {1971},
  month = feb,
  journal = {J. Chem. Phys.},
  volume = {54},
  number = {4},
  pages = {1523--1525},
  issn = {0021-9606, 1089-7690},
  doi = {10/dkfhh7},
  langid = {english},
  file = {C\:\\Users\\morteham\\Zotero\\storage\\TSQD23QB\\Mansoori et al. - 1971 - Equilibrium Thermodynamic Properties of the Mixtur.pdf}
}

@article{melnyk1975,
  ids = {melnyk1975a},
  title = {Equation of State of a Mixture of Hard Spheres with Non-Additive Diameters},
  author = {Melnyk, T.W. and Sawford, B.L.},
  year = {1975},
  month = mar,
  journal = {Mol. Phys.},
  volume = {29},
  number = {3},
  pages = {891--902},
  issn = {0026-8976, 1362-3028},
  doi = {10/c9vwk2},
  langid = {english},
  file = {C\:\\Users\\morteham\\Zotero\\storage\\62NSJRIJ\\Melnyk and Sawford - 1975 - Equation of state of a mixture of hard spheres wit.pdf;C\:\\Users\\morteham\\Zotero\\storage\\VLP94PU2\\Melnyk and Sawford - 1975 - Equation of state of a mixture of hard spheres wit.pdf}
}

@book{mulero2008,
  title = {Theory and {{Simulation}} of {{Hard-Sphere Fluids}} and {{Related Systems}}},
  editor = {Mulero, {\'A}ngel and Beiglb{\"o}ck, W. and Ehlers, J. and Hepp, K. and Weidenm{\"u}ller, H. and Beig, R. and Domcke, W. and Englert, B.-G. and Frisch, U. and H{\"a}nggi, P. and Hasinger, G. and Hillebrandt, W. and Jaffe, R. L. and Janke, W. and v. L{\"o}hneysen, H. and Mangano, M. and Raimond, J.-M. and Sornette, D. and Theisen, S. and Weise, W. and Zittartz, J.},
  year = {2008},
  series = {Lecture {{Notes}} in {{Physics}}},
  volume = {753},
  publisher = {{Springer Berlin Heidelberg}},
  address = {{Berlin, Heidelberg}},
  doi = {10.1007/978-3-540-78767-9},
  isbn = {978-3-540-78766-2 978-3-540-78767-9},
  langid = {english},
  file = {C\:\\Users\\morteham\\Zotero\\storage\\VXHYGPGK\\Mulero - 2008 - Theory and Simulation of Hard-Sphere Fluids and Re.pdf}
}

@article{nezbeda1990,
  title = {Primitive Model of Water: {{III}}. {{Analytic}} Theoretical Results with Anomalies for the Thermodynamic Properties},
  shorttitle = {Primitive Model of Water},
  author = {Nezbeda, Ivo and {Iglesias-Silva}, Gustavo A.},
  year = {1990},
  month = mar,
  journal = {Mol. Phys.},
  volume = {69},
  number = {4},
  pages = {767--774},
  issn = {0026-8976, 1362-3028},
  doi = {10/bwsmg6},
  langid = {english},
  file = {C\:\\Users\\morteham\\Zotero\\storage\\ZRLZTSH7\\Nezbeda and Iglesias-Silva - 1990 - Primitive model of water III. Analytic theoretica.pdf}
}

@article{paricaud2008,
  ids = {paricaud2008a},
  title = {Phase Equilibria in Polydisperse Nonadditive Hard-Sphere Systems},
  author = {Paricaud, Patrice},
  year = {2008},
  month = aug,
  journal = {Phys. Rev. E},
  volume = {78},
  number = {2},
  pages = {021202},
  issn = {1539-3755, 1550-2376},
  doi = {10/dgssrg},
  langid = {english},
  file = {C\:\\Users\\morteham\\Zotero\\storage\\6RHWQ6TM\\Paricaud - 2008 - Phase equilibria in polydisperse nonadditive hard-.pdf;C\:\\Users\\morteham\\Zotero\\storage\\HU9H8UIR\\Paricaud - 2008 - Phase equilibria in polydisperse nonadditive hard-.pdf;C\:\\Users\\morteham\\Zotero\\storage\\XXPVC5X3\\Paricaud - 2008 - Phase equilibria in polydisperse nonadditive hard-.pdf}
}

@article{percus1958,
  title = {Analysis of {{Classical Statistical Mechanics}} by {{Means}} of {{Collective Coordinates}}},
  author = {Percus, Jerome K. and Yevick, George J.},
  year = {1958},
  month = apr,
  journal = {Phys. Rev.},
  volume = {110},
  number = {1},
  pages = {1--13},
  issn = {0031-899X},
  doi = {10/b4d735},
  langid = {english},
  file = {C\:\\Users\\morteham\\Zotero\\storage\\Y2QBCAY9\\Percus and Yevick - 1958 - Analysis of Classical Statistical Mechanics by Mea.pdf}
}

@article{robles2014,
  title = {Note: {{Equation}} of State and the Freezing Point in the Hard-Sphere Model},
  shorttitle = {Note},
  author = {Robles, Miguel and {L{\'o}pez de Haro}, Mariano and Santos, Andr{\'e}s},
  year = {2014},
  month = apr,
  journal = {J. Chem. Phys.},
  volume = {140},
  number = {13},
  pages = {136101},
  issn = {0021-9606, 1089-7690},
  doi = {10/ggzv46},
  langid = {english},
  file = {C\:\\Users\\morteham\\Zotero\\storage\\XXI8F8PE\\Robles et al. - 2014 - Note Equation of state and the freezing point in .pdf}
}

@article{rosenfeld1990,
  ids = {rosenfeld1990a,rosenfeld1990b},
  title = {Free-energy Model for the Inhomogeneous Hard-sphere Fluid Mixture: {{Triplet}} and Higher-order Direct Correlation Functions in Dense Fluids},
  shorttitle = {Free-energy Model for the Inhomogeneous Hard-sphere Fluid Mixture},
  author = {Rosenfeld, Yaakov and Levesque, Dominique and Weis, Jean-Jacques},
  year = {1990},
  month = jun,
  journal = {J. Chem. Phys.},
  volume = {92},
  number = {11},
  pages = {6818--6832},
  issn = {0021-9606, 1089-7690},
  doi = {10/dj36nw},
  langid = {english},
  file = {C\:\\Users\\morteham\\Zotero\\storage\\89GQK677\\Rosenfeld et al. - 1990 - Free‐energy model for the inhomogeneous hard‐spher.pdf;C\:\\Users\\morteham\\Zotero\\storage\\FHGRFZPG\\Rosenfeld et al. - 1990 - Free‐energy model for the inhomogeneous hard‐spher.pdf;C\:\\Users\\morteham\\Zotero\\storage\\IBELUI9I\\Rosenfeld et al. - 1990 - Free‐energy model for the inhomogeneous hard‐spher.pdf}
}

@article{santos2005,
  ids = {santos2005a},
  title = {Equation of State of Nonadditive D-Dimensional Hard-Sphere Mixtures},
  author = {Santos, A. and {L{\'o}pez de Haro}, M. and Yuste, S. B.},
  year = {2005},
  month = jan,
  journal = {J. Chem. Phys.},
  volume = {122},
  number = {2},
  pages = {024514},
  issn = {0021-9606, 1089-7690},
  doi = {10/fdcv8b},
  langid = {english},
  file = {C\:\\Users\\morteham\\Zotero\\storage\\NJJCR8HX\\Santos et al. - 2005 - Equation of state of nonadditive d-dimensional har.pdf;C\:\\Users\\morteham\\Zotero\\storage\\TTRTUYDT\\Santos et al. - 2005 - Equation of state of nonadditive d-dimensional har.pdf}
}

@article{santos2010,
  ids = {santos2010a},
  title = {Virial Coefficients, Thermodynamic Properties, and Fluid-Fluid Transition of Nonadditive Hard-Sphere Mixtures},
  author = {Santos, Andr{\'e}s and {L{\'o}pez de Haro}, Mariano and Yuste, Santos B.},
  year = {2010},
  month = may,
  journal = {J. Chem. Phys.},
  volume = {132},
  number = {20},
  pages = {204506},
  issn = {0021-9606, 1089-7690},
  doi = {10/bnc3wh},
  langid = {english},
  file = {C\:\\Users\\morteham\\Zotero\\storage\\J53T9IG7\\Santos et al. - 2010 - Virial coefficients, thermodynamic properties, and.pdf;C\:\\Users\\morteham\\Zotero\\storage\\RZ7XMVIX\\Santos et al. - 2010 - Virial coefficients, thermodynamic properties, and.pdf}
}

@book{santos2016,
  title = {A {{Concise Course}} on the {{Theory}} of {{Classical Liquids}}: {{Basics}} and {{Selected Topics}}},
  shorttitle = {A {{Concise Course}} on the {{Theory}} of {{Classical Liquids}}},
  author = {Santos, Andr{\'e}s},
  year = {2016},
  series = {Lecture {{Notes}} in {{Physics}}},
  volume = {923},
  publisher = {{Springer International Publishing}},
  address = {{Cham}},
  doi = {10.1007/978-3-319-29668-5},
  isbn = {978-3-319-29666-1 978-3-319-29668-5},
  langid = {english},
  file = {C\:\\Users\\morteham\\Zotero\\storage\\GAJP7EIC\\Santos - 2016 - A Concise Course on the Theory of Classical Liquid.pdf}
}

@article{sutherland1886,
  title = {{{XI}}. {{{\emph{The}}}}{\emph{ Law of Attraction amongst the Molecules of a Gas}}},
  author = {Sutherland, William},
  year = {1886},
  month = aug,
  journal = {Lond. Edinb. Dublin Philos. Mag. J. Sci.},
  volume = {22},
  number = {135},
  pages = {81--95},
  issn = {1941-5982, 1941-5990},
  doi = {10/d8xx7k},
  langid = {english},
  file = {C\:\\Users\\morteham\\Zotero\\storage\\LSSMLLDE\\Sutherland - 1886 - XI. iThe law of attraction amongst the molecules.pdf}
}

@article{sutherland1889,
  title = {{{XXXVI}}. {{{\emph{On}}}}{\emph{ the Law of Molecular Force}}},
  author = {Sutherland, William},
  year = {1889},
  month = apr,
  journal = {Lond. Edinb. Dublin Philos. Mag. J. Sci.},
  volume = {27},
  number = {167},
  pages = {305--321},
  issn = {1941-5982, 1941-5990},
  doi = {10/b3zvwm},
  langid = {english},
  file = {C\:\\Users\\morteham\\Zotero\\storage\\BVHSLZ8D\\Sutherland - 1889 - XXXVI. iOn the law of molecular forcei.pdf}
}

@article{sutherland1893,
  title = {{{LII}}. {{{\emph{The}}}}{\emph{ Viscosity of Gases and Molecular Force}}},
  author = {Sutherland, William},
  year = {1893},
  month = dec,
  journal = {Lond. Edinb. Dublin Philos. Mag. J. Sci.},
  volume = {36},
  number = {223},
  pages = {507--531},
  issn = {1941-5982, 1941-5990},
  doi = {10/czm829},
  langid = {english},
  file = {C\:\\Users\\morteham\\Zotero\\storage\\2RDJEWZ9\\Sutherland - 1893 - LII. iThe viscosity of gases and molecular force.pdf}
}

@article{trejos2018,
  title = {Vapor-Liquid Equilibrium and Equation of State of Two-Dimensional Fluids from a Discrete Perturbation Theory},
  author = {Trejos, V{\'i}ctor M. and Santos, Andr{\'e}s and G{\'a}mez, Francisco},
  year = {2018},
  month = may,
  journal = {J. Chem. Phys.},
  volume = {148},
  number = {19},
  pages = {194505},
  issn = {0021-9606, 1089-7690},
  doi = {10/ggxwh7},
  langid = {english},
  file = {C\:\\Users\\morteham\\Zotero\\storage\\T6T93S9L\\Trejos et al. - 2018 - Vapor-liquid equilibrium and equation of state of .pdf}
}


